<?xml version="1.0" encoding="UTF-8"?><collection xmlns="http://www.loc.gov/MARC21/slim"><record><leader>00561nam--2200181-i-4500</leader><controlfield tag="001">000026582</controlfield><controlfield tag="002">20161230</controlfield><controlfield tag="005">20161230201036</controlfield><controlfield tag="008">060222s1000------------r-----000-0-eng-d</controlfield><datafield ind1=" " ind2=" " tag="040"><subfield code="a">IFIN-HH</subfield></datafield><datafield ind1=" " ind2=" " tag="080"><subfield code="a">539.12(047.1)</subfield></datafield><datafield ind1="1" ind2=" " tag="100"><subfield code="a">Kayser, B</subfield></datafield><datafield ind1="1" ind2="0" tag="245"><subfield code="a">Can experiments involving e. determine whether the neutral weak force is a v, a interaction?</subfield><subfield code="c">B. kayser, s.p. rosen, e. fischbach</subfield></datafield><datafield ind1=" " ind2=" " tag="260"><subfield code="a">Washington, D.C</subfield><subfield code="b">U.S.Atomic Energy Commission</subfield><subfield code="c">/1976</subfield></datafield><datafield ind1=" " ind2=" " tag="300"><subfield code="a">10P</subfield></datafield><datafield ind1="1" ind2=" " tag="700"><subfield code="a">Fischbach, E</subfield></datafield><datafield ind1=" " ind2=" " tag="852"><subfield code="a">42890</subfield><subfield code="c">539.12</subfield></datafield><datafield ind1=" " ind2=" " tag="CAT"><subfield code="a">Sys</subfield><subfield code="c">20111124</subfield><subfield code="h">144708</subfield></datafield></record></collection>